@inproceedings{KothapalliST22,
	author       = {Abhiram Kothapalli and
	Srinath Setty and
	Ioanna Tzialla},
	editor       = {Yevgeniy Dodis and
	Thomas Shrimpton},
	title        = {Nova: Recursive Zero-Knowledge Arguments from Folding Schemes},
	booktitle    = {Advances in Cryptology - {CRYPTO} 2022 - 42nd Annual International
	Cryptology Conference, {CRYPTO} 2022, Santa Barbara, CA, USA, August
	15-18, 2022, Proceedings, Part {IV}},
	series       = {Lecture Notes in Computer Science},
	volume       = {13510},
	pages        = {359--388},
	publisher    = {Springer},
	year         = {2022},
	url          = {https://doi.org/10.1007/978-3-031-15985-5\_13},
	doi          = {10.1007/978-3-031-15985-5\_13},
	timestamp    = {Wed, 19 Oct 2022 17:37:45 +0200},
	biburl       = {https://dblp.org/rec/conf/crypto/KothapalliST22.bib},
	bibsource    = {dblp computer science bibliography, https://dblp.org}
}